<record><leader>00000cas a22000007a 4500</leader><controlfield tag="001">22949524</controlfield><controlfield tag="008">910111d18741874aruwr ne      0    0eng d</controlfield><datafield ind1=" " ind2=" " tag="010"><subfield code="a">sn 90050372 </subfield></datafield><datafield ind1=" " ind2=" " tag="040"><subfield code="a">ANU</subfield><subfield code="b">eng</subfield><subfield code="c">ANU</subfield><subfield code="d">OCLCQ</subfield><subfield code="d">OCLCF</subfield><subfield code="d">OCLCO</subfield><subfield code="d">OCL</subfield></datafield><datafield ind1=" " ind2=" " tag="042"><subfield code="a">msc</subfield></datafield><datafield ind1=" " ind2=" " tag="043"><subfield code="a">n-us-ar</subfield></datafield><datafield ind1="0" ind2=" " tag="130"><subfield code="a">Crawford bulletin (Van Buren, Ark.)</subfield></datafield><datafield ind1="1" ind2="0" tag="245"><subfield code="a">Crawford bulletin.</subfield></datafield><datafield ind1=" " ind2=" " tag="260"><subfield code="a">Van Buren, Ark. :</subfield><subfield code="b">[s.n.]</subfield></datafield><datafield ind1=" " ind2=" " tag="300"><subfield code="a">v.</subfield></datafield><datafield ind1=" " ind2=" " tag="310"><subfield code="a">Weekly</subfield></datafield><datafield ind1="0" ind2=" " tag="362"><subfield code="a">Vol. 1, no. 1 (June 25, 1874)-v. 1, no. 2 (July 2, 1874).</subfield></datafield><datafield ind1=" " ind2=" " tag="500"><subfield code="a">Published during the June 30, 1874 election calling for an 1874 Arkansas constitutional convention, this newspaper strongly supported both the convention and Crawford County delegate General Hugh F. Thomason.</subfield></datafield><datafield ind1=" " ind2="0" tag="651"><subfield code="a">Arkansas</subfield><subfield code="x">Politics and government</subfield><subfield code="v">Newspapers.</subfield></datafield><datafield ind1=" " ind2="7" tag="650"><subfield code="a">Politics and government</subfield><subfield code="2">fast</subfield><subfield code="0">(OCoLC)fst01919741</subfield></datafield><datafield ind1=" " ind2="7" tag="651"><subfield code="a">Arkansas.</subfield><subfield code="2">fast</subfield><subfield code="0">(OCoLC)fst01204809</subfield></datafield><datafield ind1=" " ind2="7" tag="655"><subfield code="a">Newspapers.</subfield><subfield code="2">fast</subfield><subfield code="0">(OCoLC)fst01423814</subfield></datafield><datafield ind1=" " ind2=" " tag="752"><subfield code="a">United States</subfield><subfield code="b">Arkansas</subfield><subfield code="c">Crawford</subfield><subfield code="d">Van Buren.</subfield></datafield><datafield ind1="1" ind2=" " tag="029"><subfield code="a">AU@</subfield><subfield code="b">000025849558</subfield></datafield></record>